@article{smith2023solarpanel,
  author       = {Smith, J. and Johnson, L. and Williams, M.},
  title        = {Efficiency Improvements in {Perovskite} Solar Cells},
  journal      = {Journal of Renewable Energy Systems},
  year         = {2023},
  volume       = {15},
  number       = {3},
  pages        = {201-215},
  doi          = {10.1234/jres.2023.15.3.201},
  url          = {https://example.com/solar_perovskite.pdf}
}

@book{jones2020renewablehandbook,
  author    = {Jones, A.},
  title     = {The Renewable Energy Handbook: Technologies and Policies},
  publisher = {Elsevier},
  year      = {2020},
  address   = {Amsterdam, Netherlands},
  edition   = {First},
  isbn      = {978-0-12-819727-4}
}

@incollection{davis2021windturbinedesign,
  author    = {Davis, R. and Miller, S.},
  title     = {Advanced Aerodynamic Design for Offshore Wind Turbines},
  booktitle = {Innovations in Sustainable Energy Engineering},
  editor    = {Garcia, E. and Chen, F.},
  publisher = {Springer},
  year      = {2021},
  pages     = {89-112},
  address   = {Cham, Switzerland}
}

@inproceedings{wang2022climateimpact,
  author    = {Wang, L. and Kim, H.},
  title     = {Modeling the Impact of Climate Change on Hydropower Potential},
  booktitle = {Proceedings of the International Conference on Climate Change Mitigation},
  year      = {2022},
  pages     = {345-352},
  address   = {Tokyo, Japan},
  month     = {September}
}

@techreport{doe2023gridmodernization,
  author      = {{U.S. Department of Energy (DOE)}},
  title       = {Grid Modernization Initiative: Advancing Resilient Energy Systems},
  institution = {National Renewable Energy Laboratory (NREL)},
  year        = {2023},
  number      = {NREL/TP-5400-84567},
  type        = {Technical Report},
  url         = {https://www.nrel.gov/docs/fy23osti/84567.pdf}
}

@phdthesis{khan2021carboncapture,
  author    = {Khan, R.},
  title     = {Novel Materials for Carbon Capture and Storage Technologies},
  school    = {University of Cambridge},
  year      = {2021},
  type      = {PhD Dissertation},
  url       = {http://thesis.cam.ac.uk/khan2021carbon.pdf}
}

@misc{iea2024renewablesreport,
  author       = {{International Energy Agency (IEA)}},
  title        = {Renewables 2024: Analysis and Forecast to 2029},
  howpublished = {\url{https://www.iea.org/reports/renewables-2024}},
  year         = {2024},
  note         = {Accessed on 25 June 2024}
}

@online{unep2023emissionsgap,
  author   = {{United Nations Environment Programme (UNEP)}},
  title    = {Emissions Gap Report 2023: Broken Record â€“ Temperatures Hit New Highs, Yet World Fails to Cut Emissions (Again)},
  url      = {https://www.unep.org/resources/emissions-gap-report-2023},
  year     = {2023},
  urldate  = {2024-06-25},
}

@patent{chen2022windturbinepatent,
  author  = {Chen, Y. and Li, K.},
  title   = {Advanced Blade Design for Vertical-Axis Wind Turbines},
  number  = {US 11,543,789 B2},
  year    = {2022},
  country = {United States},
  type    = {Patent}
}

@unpublished{gharbi2024greenhydrogen,
  author = {Gharbi, N. and Singh, P.},
  title  = {Economic Feasibility of Green Hydrogen Production via Seawater Electrolysis},
  note   = {Manuscript submitted for publication},
  year   = {2024}
}
